@BOOK{lattice,
title={Lattice: Multivariate Data Visualization with {\R{}}},
author={Deepayan Sarkar},
publisher={Springer},
year={2008},
note={{ISBN} 9780387759685}
}

 @Manual{R,
    title = {\R{}: A Language and Environment for Statistical Computing},
    author = {{R Development Core Team}},
    organization = {R Foundation for Statistical Computing},
    address = {Vienna, Austria},
    year = {2008},
    note = {{ISBN} 3-900051-07-0},
    url = "http://www.R-project.org",
  }

@book{inkscape,
 author = {Tavmjong Bah},
 title = {Inkscape: Guide to a Vector Drawing Program},
 year = {2007},
 isbn = {9780131357945},
 publisher = {Prentice Hall Press},
 address = {Upper Saddle River, NJ, USA},
 }

@book{gimp,
 author = {Olof S. Kylander and Karin Kylander},
 title = {Gimp the Official Handbook},
 year = {1999},
 isbn = {1576105202},
 publisher = {Coriolis Value},
}

  @Manual{pixmap,
    title = {\pkg{pixmap}: Bitmap Images (``Pixel Maps'')},
    author = {Roger Bivand and Friedrich Leisch and Martin Maechler},
    year = {2008},
    note = {{\R{}} package version 0.4-9},
  }
  @Manual{rimage,
    title = {\pkg{rimage}: Image Processing Module for {\R{}}},
    author = {{Nikon Systems Inc.}},
    year = {2005},
    note = {R package version 0.5-7},
  }
  @Manual{EBimage,
    title = {\pkg{EBimage}: Image Processing and Image Analysis Toolkit for {\R{}}},
    author = {Oleg Sklyar and Gregoire Pau and Mike Smith and Wolfgang Huber},
    year = {2008},
    note = {{\R{}} package version 2.4.0},
    url = {http://www.ebi.ac.uk/~osklyar/EBImage/},
  }

@BOOK{postscript,
title={\proglang{Postscript} Language Reference},
author={{Adobe Systems}},
publisher={Addison-Wesley Professional},
year={1999},
edition={3rd},
isbn={9780201379228}
}

@BOOK{pdf,
title={\proglang{PDF} Reference Version 1.6},
author={{Adobe Systems}},
publisher={Adobe Press},
year={2005},
edition={5th},
isbn={9780321304742}
}

@manual{svg,
  organization="{World Wide Web Consortium (W3C)}",
  title="{Scalable Vector Graphics ({\proglang{SVG}}) 1.1 Specification}",
  author={Jon Ferraiolo and Fujisawa Jun and Dean Jackson},
  year=2003,
  url = "http://www.w3.org/TR/SVG11/"
}

@BOOK{imagemagick,
title={The Definitive Guide to ImageMagick},
author={Michael Still},
publisher={Apress},
year={2005},
isbn={9781590595909},
}

@manual{ghostscript,
title={Ghostscript User Manual},
author={Thomas Merz},
year=1997,
url="ftp://mirror.cs.wisc.edu/pub/mirrors/ghost/gs5man_e.pdf"
}

@manual{xml,
  title="{Extensible Markup Language} ({\proglang{XML}}) 1.0",
  organization="{World Wide Web Consortium (W3C)}",
  author={Tim Bray and Jean Paoli and C. M. Sperberg-McQueen and Eve Maler and Fran\c{c}ois Yergeau},
  year=2006,
  url="http://www.w3.org/TR/2006/REC-xml-20060816/",
}

 @Manual{pkgXML,
    title = {\pkg{XML}: Tools for Parsing and Generating \proglang{XML} within {\R{}} and S-Plus},
    author = {Duncan {Temple Lang}},
    year = {2008},
    note = {{\R{}} package version 1.95-3},
  }

@misc{libxml,
  author="Daniel Veillard",
  title={\proglang{libxml} home page},
  year=2008,
  Howpublished = "\url{http://xmlsoft.org/}",
}

@manual{xsl,
  title={XSL Transformations ({\proglang{XSLT}})},
  organization="{World Wide Web Consortium (W3C)}",
  author={James Clark},
  year=1999,
  url="http://www.w3.org/TR/xslt/",
}  
  @Manual{pkgsxslt,
    title = {\pkg{Sxslt}: {\R{}} extension for libxslt},
    author = {Duncan {Temple Lang}},
    year = {2008},
    note = {{\R{}} package version 0.8-0},
    url = {http://www.omegahat.net/Sxslt},
  }

@article{Rnews:Lumley:2004a,
  author = {Thomas Lumley},
  title = {The \pkg{survival} Package},
  journal = {R News},
  year = 2004,
  volume = 4,
  number = 1,
  pages = {26--28},
  url = {http://CRAN.R-project.org/doc/Rnews/},
}

@article{weblogo,
author={G E Crooks and G Hon and J M Chandonia and S E Brenner},
title={WebLogo: A Sequence Logo Generator},
journal={Genome Research}, 
volume=14,
pages={1188--1190}, 
year=2004
}

@article{sequencelogo,
author={T D Schneider and R M Stephens},
year= 1990,
title={Sequence Logos: A New Way to Display Consensus Sequences},
journal={Nucleic Acids Res},
volume=18,
pages={6097--6100}
}

@article{Rnews:Murrell:2003,
  author = {Paul Murrell},
  title = {Integrating Grid Graphics Output with Base Graphics
                  Output },
  journal = {R News},
  year = 2003,
  volume = 3,
  number = 2,
  pages = {7--12},
  month = {October},
  url = {http://CRAN.R-project.org/doc/Rnews/},
  pdf = {http://CRAN.R-project.org/doc/Rnews/Rnews_2003-2.pdf}
}

@book{R:Murrell:2005,
  author = {Paul Murrell},
  title = {R Graphics},
  publisher = {Chapman \& Hall/CRC},
  year = 2005,
  address = {Boca Raton, FL},
  note = {ISBN 1-584-88486-X},
  url = {http://www.stat.auckland.ac.nz/~paul/RGraphics/rgraphics.html},
}

@manual{cran,
  author = {{R Foundation for Statistical Computing}},
  title="{Comprehensive {\R{}} Archive Network---CRAN}",
  year=2008,
  url = "http://cran.r-project.org/",
}

@manual{diff,
  author={David McKenzie and Paul Eggert and Richard Stallman},
  organisation={Free Software Foundation},
  title={Comparing and Merging Files},
  year={2002},
  url="http://www.gnu.org/software/diffutils/manual/diff.html"
}

@InProceedings{hor02,
  author =	 {Kurt Hornik},
  title =	 {Tools and Strategies for Managing Software Library
                  Repositories},
  booktitle =	 {Statistics in an Era of Technological Change,
                  Proceedings of the 2002 Joint Statistical Meetings},
  pages =	 {1490--1493},
  year =	 2002,
}

@InProceedings{murhor03,
  author =	 {Murrell, P. and Hornik, K.},
  title =	 {Quality Assurance for Graphics in {\R{}}},
  booktitle =	 {Proceedings of the 3rd International Workshop on
                  Distributed Statistical Computing},
  pages =	 {20--22},
  month =	 {March},
  year =	 2003,
  address =	 {Vienna, Austria},
  note =	 {ISSN 1609-395X. Edited by Hornik K., Leisch, F. \&
                  Zeileis, A.}
}

 @Manual{rextensions,
    title = {Writing {\R{}} Extensions},
    author = {{R Development Core Team}},
    organization = {R Foundation for Statistical Computing},
    address = {Vienna, Austria},
    year = {2008},
    note = {{ISBN} 3-900051-11-9},
    url = "http://cran.stat.auckland.ac.nz/doc/manuals/R-exts.html",
  }

@

@misc{crancheck,
  author="Kurt Hornik",
  title={{CRAN} Package Check Results},
  year=2008,
  Howpublished = "\url{http://cran.r-project.org/web/checks/check_summary.html}",
}

@misc{crancheckwin,
  author="Uwe Ligges",
  title={{CRAN} Windows Binaries' Package Check},
  year=2008,
  Howpublished = "\url{http://cran.r-project.org/bin/windows/contrib/checkSummaryWin.html}",
}

 @Manual{runit,
    title = {\pkg{RUnit}: {\R{}} Unit Test Framework},
    author = {Matthias Burger and Klaus Juenemann and Thomas Koenig},
    year = {2008},
    note = {{\R{}} package version 0.4.19},
    url = {https://sourceforge.net/projects/runit/},
  }

@BOOK{xp,
title={Extreme Programming Explained: Embrace Change},
author={Kent Beck and Cynthia Andres},
publisher={Addison-Wesley Professional},
year={2004},
month={11},
edition={2nd},
isbn={9780321278654}
}

@inproceedings{xspline,
 author = {Carole Blanc and Christophe Schlick},
 title = {X-splines: A Spline Model Designed for the End-User},
 booktitle = {SIGGRAPH '95: Proceedings of the 22nd Annual Conference on Computer Graphics and Interactive Techniques},
 year = {1995},
 isbn = {0-89791-701-4},
 pages = {377--386},
 doi = {http://doi.acm.org/10.1145/218380.218488},
 publisher = {ACM},
 address = {New York, NY, USA},
 }

@manual{rforge,
  author="{R-Forge Development and Administration Team}",
    title = {R-Forge User's Manual},
    year = {2008},
    url = "http://R-Forge.R-Project.org/R-Forge_Manual.pdf",
}

@Misc{qafaq,
  author =       {Rick Hower},
  title =        {Software {QA} and Testing Frequently-Asked-Questions},
  howpublished =      {\url{http://www.softwareqatest.com/qatfaq1.html}},
  year = {2009}     }
@Misc{R-exts,
  title =        {Writing {\R{}} Extensions},
  howpublished =      {\url{http://cran.r-project.org/doc/manuals/R-exts.pdf}}
}
@book{qahandbook,
editor={G. Gordon Schulmeyer and James I. McManus},
title={Handbook of Software Quality Assurance},
edition={Third Edition},
publisher={Prentice Hall},
year={1999}
}
@book{softwarequal,
author={Capers Jones},
title={Software Quality: Analysis and Guidelines for Success},
publisher={International Thomson Computer Press},
year={1997}
}

@BOOK{Horch200302,
title={Practical Guide to Software Quality Management},
author={John W. Horch},
publisher={Artech House Publishers},
year={2003},
month={2},
edition={2nd},
isbn={9781580535274}
}
