@Article{ihagen96,
  author = 	 {Ross Ihaka and Robert Gentleman},
  title = 	 {R: A language for data analysis and graphics.},
  journal = 	 {Journal of Computational and Graphical Statistics},
  year = 	 {1996},
  volume =       {5},
  number =       {3},
  pages =        {299--314}
}
@Manual{Rext08,
  title = 	 {R: Writing R Extensions},
  organization = {R Foundation for Statistical Computing},
  address = 	 {Vienna, Austria},
  year = 	 {2008},
}
@InProceedings{murhor03,
  author = 	 {P. Murrell and K. Hornik},
  title = 	 {Quality Assurance for Graphics in \textsf{R}},
  booktitle =    {Proceedings of the 3rd International Workshop on Distributed
                  Statistical Computing},
  pages = 	 {20--22},
  month = 	 {March},
  year = 	 {2003},
  address = 	 {Vienna, Austria},
  note = 	 {ISSN 1609-395X. Edited by Hornik K., Leisch, F. \& Zeileis, A.}
 
}

